<?xml version="1.0" encoding="UTF-8"?><collection xmlns="http://www.loc.gov/MARC21/slim"><record><leader>00491nam--2200181-i-4500</leader><controlfield tag="001">000014837</controlfield><controlfield tag="002">20161230</controlfield><controlfield tag="005">20161230201031</controlfield><controlfield tag="008">060222s1000------------r-----000-0-fre-d</controlfield><datafield ind1=" " ind2=" " tag="040"><subfield code="a">IFIN-HH</subfield></datafield><datafield ind1=" " ind2=" " tag="041"><subfield code="a">fre</subfield></datafield><datafield ind1=" " ind2=" " tag="080"><subfield code="a">536.764(043)</subfield></datafield><datafield ind1="1" ind2=" " tag="100"><subfield code="a">Collet, Pierre</subfield></datafield><datafield ind1="1" ind2="0" tag="245"><subfield code="a">Etude du modele hierarchique par le groupe de renormalisation</subfield><subfield code="b">These</subfield><subfield code="c">Pierre collet</subfield></datafield><datafield ind1=" " ind2=" " tag="260"><subfield code="a">Geneve</subfield><subfield code="b">Universite De Geneve</subfield><subfield code="c">1978</subfield></datafield><datafield ind1=" " ind2=" " tag="300"><subfield code="a">43P</subfield></datafield><datafield ind1=" " ind2=" " tag="852"><subfield code="a">75742</subfield><subfield code="c">536.7</subfield></datafield><datafield ind1=" " ind2=" " tag="CAT"><subfield code="a">Sys</subfield><subfield code="c">20110602</subfield><subfield code="h">130025</subfield></datafield></record></collection>